@article{Koppel:2018:OTM:3288538.3276492,
 author = {Koppel, James and Premtoon, Varot and Solar-Lezama, Armando},
 title = {One Tool, Many Languages: Language-parametric Transformation with Incremental Parametric Syntax},
 journal = {Proc. ACM Program. Lang.},
 issue_date = {November 2018},
 volume = {2},
 number = {OOPSLA},
 month = oct,
 year = {2018},
 issn = {2475-1421},
 pages = {122:1--122:28},
 articleno = {122},
 numpages = {28},
 url = {http://doi.acm.org/10.1145/3276492},
 doi = {10.1145/3276492},
 acmid = {3276492},
 publisher = {ACM},
 address = {New York, NY, USA},
 keywords = {expression problem, program transformation, refactoring},
}

@ONLINE{JiraSonarSource:2019:Online,
	title = {Common rules list: TODO: export the list},
	month = march,
	year = {2019},
	url = {https://jira.sonarsource.com/browse/RSPEC-5167?jql=project%20%3D%20RSPEC%20AND%20issuetype%20in%20(%22Bug%20Detection%22%2C%20%22Code%20Smell%20Detection%22%2C%20%22Finding%20Detection%22%2C%20%22Vulnerability%20Detection%22)%20AND%20%22Common%20Rule%22%20%3D%20Yes}
}

@ONLINE{Scalameta:2019:Online,
	title = {Scalameta, Library to read, analyze, transform and generate Scala programs},
	month = march,
	year = {2019},
	url = {https://scalameta.org/}
}

@ONLINE{SonarJava:2019:Online,
	title = {SonarJava, static code analyser for Java language.},
	month = march,
	year = {2019},
	url = {https://github.com/SonarSource/sonar-java}
}

@ONLINE{SonarPHP:2019:Online,
	title = {SonarPHP, static code analyser for PHP language.},
	month = march,
	year = {2019},
	url = {https://github.com/SonarSource/sonar-php}
}

@ONLINE{RSPEC-2259:2019:Online,
	title = {RSPEC-2259, Check implemented on SonarJava: null pointers should not be dereferenced.},
	month = march,
	year = {2019},
	url = {https://jira.sonarsource.com/browse/RSPEC-2697}
}

@article{Engler:2001:BDB:502059.502041,
	author = {Engler, Dawson and Chen, David Yu and Hallem, Seth and Chou, Andy and Chelf, Benjamin},
	title = {Bugs As Deviant Behavior: A General Approach to Inferring Errors in Systems Code},
	journal = {SIGOPS Oper. Syst. Rev.},
	issue_date = {Dec. 2001},
	volume = {35},
	number = {5},
	month = oct,
	year = {2001},
	issn = {0163-5980},
	pages = {57--72},
	numpages = {16},
	url = {http://doi.acm.org/10.1145/502059.502041},
	doi = {10.1145/502059.502041},
	acmid = {502041},
	publisher = {ACM},
	address = {New York, NY, USA},
} 



